@article{Vasilakopoulou}

@book{gabrielzisman,
  title={Calculus of fractions and homotopy theory},
  author={Gabriel, Peter and Zisman, Michel},
  volume={35},
  year={2012},
  publisher={Springer Science \& Business Media}
}

@article {Kelly,
    AUTHOR = {Kelly, G. M.},
     TITLE = {Basic concepts of enriched category theory},
      NOTE = {Reprint of the 1982 original [Cambridge Univ. Press,
              Cambridge; MR0651714]},
   JOURNAL = {Repr. Theory Appl. Categ.},
  FJOURNAL = {Reprints in Theory and Applications of Categories},
    NUMBER = {10},
      YEAR = {2005},
     PAGES = {vi+137},
   MRCLASS = {18-02 (00B60 18D10 18D20)},
  MRNUMBER = {2177301},
}

@book {LocallyPresentable,
    AUTHOR = {Ad{\'a}mek, Ji{\v{r}}{\'{\i}} and Rosick{\'y},
              Ji{\v{r}}{\'{\i}}},
     TITLE = {Locally presentable and accessible categories},
    SERIES = {London Mathematical Society Lecture Note Series},
    VOLUME = {189},
 PUBLISHER = {Cambridge University Press},
   ADDRESS = {Cambridge},
      YEAR = {1994},
     PAGES = {xiv+316},
      ISBN = {0-521-42261-2},
   MRCLASS = {18Axx (18-02)},
  MRNUMBER = {1294136 (95j:18001)},
MRREVIEWER = {J. R. Isbell},
       DOI = {10.1017/CBO9780511600579},
       URL = {http://dx.doi.org/10.1017/CBO9780511600579},
}

@article {AnoteonActions,
    AUTHOR = {Janelidze, G. and Kelly, G. M.},
     TITLE = {A note on actions of a monoidal category},
      NOTE = {CT2000 Conference (Como)},
   JOURNAL = {Theory Appl. Categ.},
  FJOURNAL = {Theory and Applications of Categories},
    VOLUME = {9},
      YEAR = {2001/02},
     PAGES = {61--91},
      ISSN = {1201-561X},
   MRCLASS = {18D10},
  MRNUMBER = {1897810 (2003f:18007)},
MRREVIEWER = {Kimmo I. Rosenthal},
}
		
		
@article {MonComonBimon,
    AUTHOR = {Porst, Hans-E.},
     TITLE = {On categories of monoids, comonoids, and bimonoids},
   JOURNAL = {Quaest. Math.},
  FJOURNAL = {Quaestiones Mathematicae. Journal of the South African
              Mathematical Society},
    VOLUME = {31},
      YEAR = {2008},
    NUMBER = {2},
     PAGES = {127--139},
      ISSN = {1607-3606},
   MRCLASS = {18D10 (18A40)},
  MRNUMBER = {2529129 (2010d:18010)},
MRREVIEWER = {R. H. Street},
       DOI = {10.2989/QM.2008.31.2.2.474},
       URL = {http://dx.doi.org/10.2989/QM.2008.31.2.2.474},
}
		
	
@book {MacLane,
    AUTHOR = {Mac Lane, Saunders},
     TITLE = {Categories for the working mathematician},
    SERIES = {Graduate Texts in Mathematics},
    VOLUME = {5},
   EDITION = {Second},
 PUBLISHER = {Springer-Verlag},
   ADDRESS = {New York},
      YEAR = {1998},
     PAGES = {xii+314},
      ISBN = {0-387-98403-8},
   MRCLASS = {18-02},
  MRNUMBER = {1712872 (2001j:18001)},
}


@article {AdjAlgCoalg,
    AUTHOR = {Porst, Hans-E.},
     TITLE = {Dual adjunctions between algebras and coalgebras},
   JOURNAL = {Arab. J. Sci. Eng. Sect. C Theme Issues},
  FJOURNAL = {The Arabian Journal for Science and Engineering. Section C.
              Theme Issues},
    VOLUME = {33},
      YEAR = {2008},
    NUMBER = {2},
     PAGES = {407--411},
      ISSN = {1319-8025},
   MRCLASS = {18A40 (16B50 16T05)},
  MRNUMBER = {2500049 (2010b:18005)},
MRREVIEWER = {Martin Herschend},
}


@book {Quantum,
    AUTHOR = {Street, Ross},
     TITLE = {Quantum groups},
    SERIES = {Australian Mathematical Society Lecture Series},
    VOLUME = {19},
      NOTE = {A path to current algebra},
 PUBLISHER = {Cambridge University Press},
   ADDRESS = {Cambridge},
      YEAR = {2007},
     PAGES = {xviii+141},
      ISBN = {978-0-521-69524-4; 0-521-69524-4},
   MRCLASS = {16W30 (16-02 16W35 18D10)},
  MRNUMBER = {2294803 (2008a:16061)},
MRREVIEWER = {E. J. Taft},
       DOI = {10.1017/CBO9780511618505},
       URL = {http://dx.doi.org/10.1017/CBO9780511618505},
}


@book {Sweedler,
    AUTHOR = {Sweedler, Moss E.},
     TITLE = {Hopf algebras},
    SERIES = {Mathematics Lecture Note Series},
 PUBLISHER = {W. A. Benjamin, Inc., New York},
      YEAR = {1969},
     PAGES = {vii+336},
   MRCLASS = {18.20 (16.00)},
  MRNUMBER = {0252485 (40 \#5705)},
MRREVIEWER = {K.-T. Chen},
}
	
@article {LinearReps,
    AUTHOR = {Wischnewsky, Manfred B.},
     TITLE = {On linear representations of affine groups. {I}},
   JOURNAL = {Pacific J. Math.},
  FJOURNAL = {Pacific Journal of Mathematics},
    VOLUME = {61},
      YEAR = {1975},
    NUMBER = {2},
     PAGES = {551--572},
      ISSN = {0030-8730},
   MRCLASS = {14L15 (18E05)},
  MRNUMBER = {0414567 (54 \#2668)},
MRREVIEWER = {B. Stenstrom},
}

@article {MR2394705,
    AUTHOR = {Abella, Andr{\'e}s},
     TITLE = {Cosemisimple coalgebras},
   JOURNAL = {Ann. Sci. Math. Qu\'ebec},
  FJOURNAL = {Annales des Sciences Math\'ematiques du Qu\'ebec},
    VOLUME = {30},
      YEAR = {2006},
    NUMBER = {2},
     PAGES = {119--133 (2008)},
      ISSN = {0707-9109},
   MRCLASS = {16W30},
  MRNUMBER = {2394705 (2009b:16083)},
MRREVIEWER = {Gast{\'o}n Andr{\'e}s Garc{\'{\i}}a},
}

@book {HopfAlg,
    AUTHOR = {D{\u{a}}sc{\u{a}}lescu, Sorin and N{\u{a}}st{\u{a}}sescu,
              Constantin and Raianu, {\c{S}}erban},
     TITLE = {Hopf algebras},
    SERIES = {Monographs and Textbooks in Pure and Applied Mathematics},
    VOLUME = {235},
      NOTE = {An introduction},
 PUBLISHER = {Marcel Dekker Inc.},
   ADDRESS = {New York},
      YEAR = {2001},
     PAGES = {x+401},
      ISBN = {0-8247-0481-9},
   MRCLASS = {16W30},
  MRNUMBER = {1786197 (2001j:16056)},
MRREVIEWER = {Stefaan Caenepeel},
}
		
		
@article {VarietiesCovarieties,
    AUTHOR = {Ad{\'a}mek, Ji{\v{r}}{\'{\i}} and Porst, Hans-E.},
     TITLE = {On varieties and covarieties in a category},
      NOTE = {Coalgebraic methods in computer science (Genova, 2001)},
   JOURNAL = {Math. Structures Comput. Sci.},
  FJOURNAL = {Mathematical Structures in Computer Science. A Journal in the
              Applications of Categorical, Algebraic and Geometric Methods
              in Computer Science},
    VOLUME = {13},
      YEAR = {2003},
    NUMBER = {2},
     PAGES = {201--232},
      ISSN = {0960-1295},
   MRCLASS = {18C50 (03C05 68Q65)},
  MRNUMBER = {1994641 (2004f:18005)},
       DOI = {10.1017/S0960129502003882},
       URL = {http://dx.doi.org/10.1017/S0960129502003882},
}

@article {Batchelor,
    AUTHOR = {Batchelor, Marjorie},
     TITLE = {Measuring comodules---their applications},
   JOURNAL = {J. Geom. Phys.},
  FJOURNAL = {Journal of Geometry and Physics},
    VOLUME = {36},
      YEAR = {2000},
    NUMBER = {3-4},
     PAGES = {251--269},
      ISSN = {0393-0440},
     CODEN = {JGPHE5},
   MRCLASS = {16W30 (17B99 81R50)},
  MRNUMBER = {1793011 (2001m:16057)},
MRREVIEWER = {Tomasz Brzezi{\'n}ski},
       DOI = {10.1016/S0393-0440(00)00024-3},
       URL = {http://dx.doi.org/10.1016/S0393-0440(00)00024-3},
}


@incollection {Doctrinal,
    AUTHOR = {Kelly, G. M.},
     TITLE = {Doctrinal adjunction},
 BOOKTITLE = {Category {S}eminar ({P}roc. {S}em., {S}ydney, 1972/1973)},
     PAGES = {257--280. Lecture Notes in Math., Vol. 420},
 PUBLISHER = {Springer},
   ADDRESS = {Berlin},
      YEAR = {1974},
   MRCLASS = {18D99},
  MRNUMBER = {0360749 (50 \#13196)},
MRREVIEWER = {A. Shafaat},
}

@article {FreeMonoids,
    AUTHOR = {Lack, Stephen},
     TITLE = {Note on the construction of free monoids},
   JOURNAL = {Appl. Categ. Structures},
  FJOURNAL = {Applied Categorical Structures. A Journal Devoted to
              Applications of Categorical Methods in Algebra, Analysis,
              Order, Topology and Computer Science},
    VOLUME = {18},
      YEAR = {2010},
    NUMBER = {1},
     PAGES = {17--29},
      ISSN = {0927-2852},
     CODEN = {ACASE6},
   MRCLASS = {18D10 (18A40 18D35)},
  MRNUMBER = {2586716 (2010m:18007)},
MRREVIEWER = {R. H. Street},
       DOI = {10.1007/s10485-008-9167-y},
       URL = {http://dx.doi.org/10.1007/s10485-008-9167-y},
}

@incollection {Review,
   author = {Kelly, G. and Street, Ross},
   title = {Review of the elements of 2-categories},
   booktitle = {Category Seminar},
   series = {Lecture Notes in Mathematics},
   editor = {Kelly, Gregory},
   publisher = {Springer Berlin / Heidelberg},
   isbn = {978-3-540-06966-9},
   keyword = {Mathematics and Statistics},
   pages = {75-103},
   volume = {420},
   url = {http://dx.doi.org/10.1007/BFb0063101},
   note = {10.1007/BFb0063101},
   year = {1974}
}

@article {enrthrvar,
    AUTHOR = {Gordon, R. and Power, A. J.},
     TITLE = {Enrichment through variation},
   JOURNAL = {J. Pure Appl. Algebra},
  FJOURNAL = {Journal of Pure and Applied Algebra},
    VOLUME = {120},
      YEAR = {1997},
    NUMBER = {2},
     PAGES = {167--185},
      ISSN = {0022-4049},
     CODEN = {JPAAA2},
   MRCLASS = {18D05 (18D10 18D15 18D20)},
  MRNUMBER = {1466618 (98i:18004)},
MRREVIEWER = {R. H. Street},
       DOI = {10.1016/S0022-4049(97)00070-4},
       URL = {http://dx.doi.org/10.1016/S0022-4049(97)00070-4},
}

@article {2-dimmonadtheory,
    AUTHOR = {Blackwell, R. and Kelly, G. M. and Power, A. J.},
     TITLE = {Two-dimensional monad theory},
   JOURNAL = {J. Pure Appl. Algebra},
  FJOURNAL = {Journal of Pure and Applied Algebra},
    VOLUME = {59},
      YEAR = {1989},
    NUMBER = {1},
     PAGES = {1--41},
      ISSN = {0022-4049},
     CODEN = {JPAAA2},
   MRCLASS = {18D05 (18C15)},
  MRNUMBER = {1007911 (91a:18010)},
MRREVIEWER = {R. H. Street},
       DOI = {10.1016/0022-4049(89)90160-6},
       URL = {http://dx.doi.org/10.1016/0022-4049(89)90160-6},
}

@book {Species,
    AUTHOR = {Aguiar, Marcelo and Mahajan, Swapneel},
     TITLE = {Monoidal functors, species and {H}opf algebras},
    SERIES = {CRM Monograph Series},
    VOLUME = {29},
      NOTE = {With forewords by Kenneth Brown and Stephen Chase and
              Andr{\'e} Joyal},
 PUBLISHER = {American Mathematical Society},
   ADDRESS = {Providence, RI},
      YEAR = {2010},
     PAGES = {lii+784},
      ISBN = {978-0-8218-4776-3},
   MRCLASS = {18D10 (05A30 16T30)},
  MRNUMBER = {2724388 (2012g:18009)},
MRREVIEWER = {Volodymyr V. Lyubashenko},
}


@article{Onbimeasurings,
author = {L. Grunenfelder and M. Mastnak},
title = {{On bimeasurings}},
journal = {Journal of Pure and Applied Algebra},
volume = {204},
year = {2006},
pages = {258--269},
issue = {2},
doi = {10.1016/j.jpaa.2005.04.007},
masid = {12566223}
}

@article {CoringsComod,
    AUTHOR = {Porst, Hans-E.},
     TITLE = {On corings and comodules},
   JOURNAL = {Arch. Math. (Brno)},
  FJOURNAL = {Universitatis Masarykianae Brunensis. Facultas Scientiarum
              Naturalium. Archivum Mathematicum},
    VOLUME = {42},
      YEAR = {2006},
    NUMBER = {4},
     PAGES = {419--425},
      ISSN = {0044-8753},
   MRCLASS = {16W30 (18C35)},
  MRNUMBER = {2283022 (2008b:16068)},
MRREVIEWER = {Jos{\'e} G{\'o}mez-Torrecillas},
}

@article {Wolff,
    AUTHOR = {Wolff, Harvey},
     TITLE = {{$V$}-cat and {$V$}-graph},
   JOURNAL = {J. Pure Appl. Algebra},
  FJOURNAL = {Journal of Pure and Applied Algebra},
    VOLUME = {4},
      YEAR = {1974},
     PAGES = {123--135},
      ISSN = {0022-4049},
   MRCLASS = {18D10},
  MRNUMBER = {0346029 (49 \#10755)},
MRREVIEWER = {F. E. J. Linton},
}

@article {KellyLack,
    AUTHOR = {Kelly, G. M. and Lack, Stephen},
     TITLE = {V-{C}at is locally presentable or locally bounded if {V} is so},
   JOURNAL = {Theory Appl. Categ.},
  FJOURNAL = {Theory and Applications of Categories},
    VOLUME = {8},
      YEAR = {2001},
     PAGES = {555--575},
      ISSN = {1201-561X},
   MRCLASS = {18C35 (18D20)},
  MRNUMBER = {1870617 (2002k:18006)},
MRREVIEWER = {Kimmo I. Rosenthal},
}

@article {Varthrenr,
    AUTHOR = {Betti, Renato and Carboni, Aurelio and Street, Ross and
              Walters, Robert},
     TITLE = {Variation through enrichment},
   JOURNAL = {J. Pure Appl. Algebra},
  FJOURNAL = {Journal of Pure and Applied Algebra},
    VOLUME = {29},
      YEAR = {1983},
    NUMBER = {2},
     PAGES = {109--127},
      ISSN = {0022-4049},
     CODEN = {JPAAA2},
   MRCLASS = {18D20 (18F20)},
  MRNUMBER = {707614 (85e:18005)},
MRREVIEWER = {G. M. Kelly},
       DOI = {10.1016/0022-4049(83)90100-7},
       URL = {http://dx.doi.org/10.1016/0022-4049(83)90100-7},
}

@incollection {FibredAdjunctions,
    AUTHOR = {Hermida, Claudio},
     TITLE = {On fibred adjunctions and completeness for fibred categories},
 BOOKTITLE = {Recent trends in data type specification ({C}aldes de
              {M}alavella, 1992)},
    SERIES = {Lecture Notes in Comput. Sci.},
    VOLUME = {785},
     PAGES = {235--251},
 PUBLISHER = {Springer},
   ADDRESS = {Berlin},
      YEAR = {1994},
   MRCLASS = {18D30 (68Q60)},
  MRNUMBER = {1294635 (95f:18012)},
       DOI = {10.1007/3-540-57867-6_14},
       URL = {http://dx.doi.org/10.1007/3-540-57867-6_14},
}

@book {Elephant2,
    AUTHOR = {Johnstone, Peter T.},
     TITLE = {Sketches of an elephant: a topos theory compendium. {V}ol. 2},
    SERIES = {Oxford Logic Guides},
    VOLUME = {44},
 PUBLISHER = {The Clarendon Press Oxford University Press},
   ADDRESS = {Oxford},
      YEAR = {2002},
     PAGES = {i--xxii, 469--1089 and I1--I71},
      ISBN = {0-19-851598-7},
   MRCLASS = {18B25 (03B15 03G30 18-02 54A05)},
  MRNUMBER = {2063092 (2005g:18007)},
MRREVIEWER = {Colin McLarty},
}

@book {Elephant1,
    AUTHOR = {Johnstone, Peter T.},
     TITLE = {Sketches of an elephant: a topos theory compendium. {V}ol. 1},
    SERIES = {Oxford Logic Guides},
    VOLUME = {43},
 PUBLISHER = {The Clarendon Press Oxford University Press},
   ADDRESS = {New York},
      YEAR = {2002},
     PAGES = {xxii+468+71},
      ISBN = {0-19-853425-6},
   MRCLASS = {18B25 (18-02)},
  MRNUMBER = {1953060 (2003k:18005)},
MRREVIEWER = {Colin McLarty},
}

@book {Handbook2,
    AUTHOR = {Borceux, Francis},
     TITLE = {Handbook of categorical algebra. 2},
    SERIES = {Encyclopedia of Mathematics and its Applications},
    VOLUME = {51},
      NOTE = {Categories and structures},
 PUBLISHER = {Cambridge University Press},
   ADDRESS = {Cambridge},
      YEAR = {1994},
     PAGES = {xviii+443},
      ISBN = {0-521-44179-X},
   MRCLASS = {18-02 (18Exx)},
  MRNUMBER = {1313497 (96g:18001b)},
MRREVIEWER = {Martin Hyland},
}

@book {Handbook1,
    AUTHOR = {Borceux, Francis},
     TITLE = {Handbook of categorical algebra. 1},
    SERIES = {Encyclopedia of Mathematics and its Applications},
    VOLUME = {50},
      NOTE = {Basic category theory},
 PUBLISHER = {Cambridge University Press},
   ADDRESS = {Cambridge},
      YEAR = {1994},
     PAGES = {xvi+345},
      ISBN = {0-521-44178-1},
   MRCLASS = {18-02 (18Axx)},
  MRNUMBER = {1291599 (96g:18001a)},
MRREVIEWER = {Martin Hyland},
}

@book {Handbook3,
    AUTHOR = {Borceux, Francis},
     TITLE = {Handbook of categorical algebra. 3},
    SERIES = {Encyclopedia of Mathematics and its Applications},
    VOLUME = {52},
      NOTE = {Categories of sheaves},
 PUBLISHER = {Cambridge University Press},
   ADDRESS = {Cambridge},
      YEAR = {1994},
     PAGES = {xviii+522},
      ISBN = {0-521-44180-3},
   MRCLASS = {18-02 (18B25 18F20)},
  MRNUMBER = {1315049 (96g:18001c)},
MRREVIEWER = {Martin Hyland},
}

@incollection {Benabou,
    AUTHOR = {B{\'e}nabou, Jean},
     TITLE = {Introduction to bicategories},
 BOOKTITLE = {Reports of the {M}idwest {C}ategory {S}eminar},
     PAGES = {1--77},
 PUBLISHER = {Springer},
   ADDRESS = {Berlin},
      YEAR = {1967},
   MRCLASS = {18.10},
  MRNUMBER = {0220789 (36 \#3841)},
MRREVIEWER = {J. R. Isbell},
}

@PHDTHESIS {Carmody,
AUTHOR = {Sean Carmody},
TITLE = {Cobordism categories},
SCHOOL = {University of Cambridge},
YEAR = {1995},
}

@article {MacLane-Pare,
    AUTHOR = {Mac Lane, Saunders and Par{\'e}, Robert},
     TITLE = {Coherence for bicategories and indexed categories},
   JOURNAL = {J. Pure Appl. Algebra},
  FJOURNAL = {Journal of Pure and Applied Algebra},
    VOLUME = {37},
      YEAR = {1985},
    NUMBER = {1},
     PAGES = {59--80},
      ISSN = {0022-4049},
     CODEN = {JPAAA2},
   MRCLASS = {18D05 (18D30)},
  MRNUMBER = {794793 (86k:18003)},
MRREVIEWER = {W. J. Rae Mitchell},
       DOI = {10.1016/0022-4049(85)90087-8},
       URL = {http://dx.doi.org/10.1016/0022-4049(85)90087-8},
}

@article {CoherenceTricats,
    AUTHOR = {Gordon, R. and Power, A. J. and Street, Ross},
     TITLE = {Coherence for tricategories},
   JOURNAL = {Mem. Amer. Math. Soc.},
  FJOURNAL = {Memoirs of the American Mathematical Society},
    VOLUME = {117},
      YEAR = {1995},
    NUMBER = {558},
     PAGES = {vi+81},
      ISSN = {0065-9266},
     CODEN = {MAMCAU},
   MRCLASS = {18D05},
  MRNUMBER = {1261589 (96j:18002)},
MRREVIEWER = {Kimmo I. Rosenthal},
       DOI = {10.1090/memo/0558},
       URL = {http://dx.doi.org/10.1090/memo/0558},
}

@article {natass&comm,
    AUTHOR = {Mac Lane, Saunders},
     TITLE = {Natural associativity and commutativity},
   JOURNAL = {Rice Univ. Studies},
  FJOURNAL = {Rice University Studies},
    VOLUME = {49},
      YEAR = {1963},
    NUMBER = {4},
     PAGES = {28--46},
      ISSN = {0035-4996},
   MRCLASS = {18.20},
  MRNUMBER = {0170925 (30 \#1160)},
MRREVIEWER = {D. B. A. Epstein},
}

@article {BraidedTensorCats,
    AUTHOR = {Joyal, Andr{\'e} and Street, Ross},
     TITLE = {Braided tensor categories},
   JOURNAL = {Adv. Math.},
  FJOURNAL = {Advances in Mathematics},
    VOLUME = {102},
      YEAR = {1993},
    NUMBER = {1},
     PAGES = {20--78},
      ISSN = {0001-8708},
     CODEN = {ADMTA4},
   MRCLASS = {18D10 (19D23 20G05)},
  MRNUMBER = {1250465 (94m:18008)},
MRREVIEWER = {Daniel Conduch{\'e}},
       DOI = {10.1006/aima.1993.1055},
       URL = {http://dx.doi.org/10.1006/aima.1993.1055},
}

@article {FundConstrCoalgCorComod,
    AUTHOR = {Porst, Hans-E.},
     TITLE = {Fundamental constructions for coalgebras, corings, and comodules},
   JOURNAL = {Appl. Categ. Structures},
  FJOURNAL = {Applied Categorical Structures. A Journal Devoted to
               Applications of Categorical Methods in Algebra, Analysis,
               Order, Topology and Computer Science},
    VOLUME = {16},
      YEAR = {2008},
    NUMBER = {1-2},
     PAGES = {223--238},
      ISSN = {0927-2852},
     CODEN = {ACASE6},
   MRCLASS = {16W30 (18C05)},
  MRNUMBER = {2383288 (2009e:16075)},
MRREVIEWER = {Jawad Y. Abuhlail},
       DOI = {10.1007/s10485-007-9075-6},
       URL = {http://dx.doi.org/10.1007/s10485-007-9075-6},
}

@incollection {ClubsDoctrines,
    AUTHOR = {Kelly, G. M.},
     TITLE = {On clubs and doctrines},
 BOOKTITLE = {Category {S}eminar ({P}roc. {S}em., {S}ydney, 1972/1973)},
     PAGES = {181--256. Lecture Notes in Math., Vol. 420},
 PUBLISHER = {Springer},
   ADDRESS = {Berlin},
      YEAR = {1974},
   MRCLASS = {18D05},
  MRNUMBER = {0364393 (51 \#647)},
MRREVIEWER = {M. L. Laplaza},
}

@incollection {AbstrApproachCoherence,
    AUTHOR = {Kelly, G. M.},
     TITLE = {An abstract approach to coherence},
 BOOKTITLE = {Coherence in categories},
     PAGES = {106--147. Lecture Notes in Math., Vol. 281},
 PUBLISHER = {Springer},
   ADDRESS = {Berlin},
      YEAR = {1972},
   MRCLASS = {18D15},
  MRNUMBER = {0340372 (49 \#5127)},
MRREVIEWER = {M. L. Laplaza},
}

@article {RepresentableMulticats,
    AUTHOR = {Hermida, Claudio},
     TITLE = {Representable multicategories},
   JOURNAL = {Adv. Math.},
  FJOURNAL = {Advances in Mathematics},
    VOLUME = {151},
      YEAR = {2000},
    NUMBER = {2},
     PAGES = {164--225},
      ISSN = {0001-8708},
     CODEN = {ADMTA4},
   MRCLASS = {18D05 (18D10)},
  MRNUMBER = {1758246 (2001m:18007)},
       DOI = {10.1006/aima.1999.1877},
       URL = {http://dx.doi.org/10.1006/aima.1999.1877},
}

@phdthesis{hermidaphd,
	author = {Hermida, Claudio Alberto},
	school = {University of Edinburgh},
	title = {{Fibrations, logical predicates and indeterminates}},
	year = {1993}
}

@article{Fib2Fib,
title = "Some properties of Fib as a fibred 2-category",
journal = "Journal of Pure and Applied Algebra",
volume = "134",
number = "1",
pages = "83 - 109",
year = "1999",
issn = "0022-4049",
doi = "https://doi.org/10.1016/S0022-4049(97)00129-1",
url = "http://www.sciencedirect.com/science/article/pii/S0022404997001291",
author = "Claudio Hermida",
}

@article {BenabouFibered,
    AUTHOR = {B{\'e}nabou, Jean},
     TITLE = {Fibered categories and the foundations of naive category
              theory},
   JOURNAL = {J. Symbolic Logic},
  FJOURNAL = {The Journal of Symbolic Logic},
    VOLUME = {50},
      YEAR = {1985},
    NUMBER = {1},
     PAGES = {10--37},
      ISSN = {0022-4812},
     CODEN = {JSYLA6},
   MRCLASS = {18A15 (03B30 03G30 18D30)},
  MRNUMBER = {780520 (87h:18001)},
MRREVIEWER = {Andreas Blass},
       DOI = {10.2307/2273784},
       URL = {http://dx.doi.org/10.2307/2273784},
}

@article {Winskel,
    AUTHOR = {Winskel, Glynn},
     TITLE = {A compositional proof system on a category of labelled
              transition systems},
   JOURNAL = {Inform. and Comput.},
  FJOURNAL = {Information and Computation},
    VOLUME = {87},
      YEAR = {1990},
    NUMBER = {1-2},
     PAGES = {2--57},
      ISSN = {0890-5401},
   MRCLASS = {68Q10 (18A15)},
  MRNUMBER = {1055948 (92e:68053)},
       DOI = {10.1016/0890-5401(90)90058-P},
       URL = {http://dx.doi.org/10.1016/0890-5401(90)90058-P},
}

@article {FormalTheoryMonadsI,
    AUTHOR = {Street, Ross},
     TITLE = {The formal theory of monads},
   JOURNAL = {J. Pure Appl. Algebra},
  FJOURNAL = {Journal of Pure and Applied Algebra},
    VOLUME = {2},
      YEAR = {1972},
    NUMBER = {2},
     PAGES = {149--168},
      ISSN = {0022-4049},
   MRCLASS = {18C15},
  MRNUMBER = {0299653 (45 \#8701)},
MRREVIEWER = {F. E. J. Linton},
}

@unpublished{AnelJoyal,
   AUTHOR  = {Anel, Matthieu AND Joyal, Andr{\'e} },
   TITLE   = {Sweedler theory of (co)algebras
              and the bar-cobar constructions},
   NOTE    = {arXiv:1309.6952 [math.CT]},
   YEAR    = {2013},
   KEY     = {pre-print}
}

@article {KockKock,
    AUTHOR = {Kock, Anders and Kock, Joachim},
     TITLE = {Local fibred right adjoints are polynomial},
   JOURNAL = {Math. Structures Comput. Sci.},
  FJOURNAL = {Mathematical Structures in Computer Science. A Journal in the
              Applications of Categorical, Algebraic and Geometric Methods
              in Computer Science},
    VOLUME = {23},
      YEAR = {2013},
    NUMBER = {1},
     PAGES = {131--141},
      ISSN = {0960-1295},
   MRCLASS = {18D15 (18A40 68Q65)},
  MRNUMBER = {3008196},
       DOI = {10.1017/S0960129512000217},
       URL = {http://dx.doi.org/10.1017/S0960129512000217},
}

@unpublished{mine,
   AUTHOR  = {Vasilakopoulou, Christina },
    TITLE  = {Enrichment of Categories of Algebras and Modules},
     YEAR  = {2012},
     NOTE  = {pre-print arXiv:1205.6450 [math.CT]},
      KEY  = {pre-print}
   
}

@incollection {Linton,
    AUTHOR = {Linton, F. E. J.},
     TITLE = {Coequalizers in categories of algebras},
 BOOKTITLE = {Sem. on {T}riples and {C}ategorical {H}omology {T}heory
              ({ETH}, {Z}\"urich, 1966/67)},
     PAGES = {75--90},
 PUBLISHER = {Springer},
   ADDRESS = {Berlin},
      YEAR = {1969},
   MRCLASS = {18.10},
  MRNUMBER = {0244341 (39 \#5656)},
MRREVIEWER = {J. Sonner},
}

@incollection {AdjointTriangles,
    AUTHOR = {Dubuc, Eduardo},
     TITLE = {Adjoint triangles},
 BOOKTITLE = {Reports of the {M}idwest {C}ategory {S}eminar, {II}},
     PAGES = {69--91},
 PUBLISHER = {Springer},
   ADDRESS = {Berlin},
      YEAR = {1968},
   MRCLASS = {18.15},
  MRNUMBER = {0233864 (38 \#2185)},
MRREVIEWER = {R. Fritsch},
}

@unpublished{GarnerShulman,
   AUTHOR  = {Garner, Richard and Shulman, Michael},
   TITLE   = {Enriched categories as a free cocompletion},
   NOTE    = {arXiv:1301.3191 [math.CT]},
   YEAR    = {2013},
   KEY     = {pre-print}
}

@article {Lawvereclosedcats,
    AUTHOR = {Lawvere, F. William},
     TITLE = {Metric spaces, generalized logic, and closed categories},
   JOURNAL = {Rend. Sem. Mat. Fis. Milano},
  FJOURNAL = {Rendiconti del Seminario Matematico e Fisico di Milano},
    VOLUME = {43},
      YEAR = {1973},
     PAGES = {135--166 (1974)},
      ISSN = {0370-7377},
   MRCLASS = {18D15 (54E25)},
  MRNUMBER = {0352214 (50 \#4701)},
MRREVIEWER = {B. M. Schein (Sain)},
}

@book{Distributeurs,
  title={Les distributeurs},
  author={B{\'e}nabou, J.},
  series={Rapport (Universit{\'e} catholique de Louvain (1970- ).33 S{\'e}minaire de math{\'e}matique pure))},
  year={1973},
  publisher={Institut de math{\'e}matique pure et appliqu{\'e}e, Universit{\'e} catholique de Louvain}
}

@article {Monoidalbicatshopfalgebroids,
    AUTHOR = {Day, Brian and Street, Ross},
     TITLE = {Monoidal bicategories and {H}opf algebroids},
   JOURNAL = {Adv. Math.},
  FJOURNAL = {Advances in Mathematics},
    VOLUME = {129},
      YEAR = {1997},
    NUMBER = {1},
     PAGES = {99--157},
      ISSN = {0001-8708},
     CODEN = {ADMTA4},
   MRCLASS = {18D10 (16W30)},
  MRNUMBER = {1458415 (99f:18013)},
MRREVIEWER = {Graham J. Ellis},
       DOI = {10.1006/aima.1997.1649},
       URL = {http://dx.doi.org/10.1006/aima.1997.1649},
}

@article {Framedbicats,
    AUTHOR = {Shulman, Michael},
     TITLE = {Framed bicategories and monoidal fibrations},
   JOURNAL = {Theory Appl. Categ.},
  FJOURNAL = {Theory and Applications of Categories},
    VOLUME = {20},
      YEAR = {2008},
     PAGES = {No. 18, 650--738},
      ISSN = {1201-561X},
   MRCLASS = {18D05 (18D10 18D30)},
  MRNUMBER = {2534210 (2011b:18010)},
}

@article {Enrichedindexedcats,
    AUTHOR = {Shulman, Michael},
     TITLE = {Enriched indexed categories},
   JOURNAL = {Theory Appl. Categ.},
  FJOURNAL = {Theory and Applications of Categories},
    VOLUME = {28},
      YEAR = {2013},
     PAGES = {616--696},
      ISSN = {1201-561X},
   MRCLASS = {18D20 (18D10)},
  MRNUMBER = {3094435},
}

@unpublished{GouzouGrunig,
   AUTHOR  = {Gouzou, M.F. AND Grunig, R.},
   TITLE   = {Fibration Relatives},
   YEAR    = {1976},
   JOURNAL = {Seminaire de Theorie des Categories, dirige par J. Benabou}
}

@book {Jacobs,
    AUTHOR = {Jacobs, Bart},
     TITLE = {Categorical logic and type theory},
    SERIES = {Studies in Logic and the Foundations of Mathematics},
    VOLUME = {141},
 PUBLISHER = {North-Holland Publishing Co.},
   ADDRESS = {Amsterdam},
      YEAR = {1999},
     PAGES = {xviii+760},
      ISBN = {0-444-50170-3},
   MRCLASS = {03G30 (03-02 03B15 03B40)},
  MRNUMBER = {1674451 (2001b:03077)},
MRREVIEWER = {Andreas Blass},
}

@article {LackPseudomonads,
    AUTHOR = {Lack, Stephen},
     TITLE = {A coherent approach to pseudomonads},
   JOURNAL = {Adv. Math.},
  FJOURNAL = {Advances in Mathematics},
    VOLUME = {152},
      YEAR = {2000},
    NUMBER = {2},
     PAGES = {179--202},
      ISSN = {0001-8708},
     CODEN = {ADMTA4},
   MRCLASS = {18D10},
  MRNUMBER = {1764104 (2001f:18017)},
MRREVIEWER = {R. H. Street},
       DOI = {10.1006/aima.1999.1881},
       URL = {http://dx.doi.org/10.1006/aima.1999.1881},
}

@article {Mccruddencoalgebroids,
    AUTHOR = {McCrudden, Paddy},
     TITLE = {Balanced coalgebroids},
   JOURNAL = {Theory Appl. Categ.},
  FJOURNAL = {Theory and Applications of Categories},
    VOLUME = {7},
      YEAR = {2000},
     PAGES = {No. 6, 71--147},
      ISSN = {1201-561X},
   MRCLASS = {18D10 (81R50)},
  MRNUMBER = {1764504 (2001f:18018)},
MRREVIEWER = {R. H. Street},
}

@article {Mccruddencoalgebroidsreps,
    AUTHOR = {McCrudden, Paddy},
     TITLE = {Categories of representations of coalgebroids},
   JOURNAL = {Adv. Math.},
  FJOURNAL = {Advances in Mathematics},
    VOLUME = {154},
      YEAR = {2000},
    NUMBER = {2},
     PAGES = {299--332},
      ISSN = {0001-8708},
     CODEN = {ADMTA4},
   MRCLASS = {18D10 (16W30)},
  MRNUMBER = {1784678 (2002b:18008)},
MRREVIEWER = {Bodo Pareigis},
       DOI = {10.1006/aima.2000.1926},
       URL = {http://dx.doi.org/10.1006/aima.2000.1926},
}

@unpublished{ConstrSymMonBicats,
   AUTHOR  = {Shulman, Michael},
   TITLE   = {Constructing symmetric monoidal bicategories},
   YEAR    = {2010},
   JOURNAL = {pre-print},
   NOTE    = {arXiv:1004.0993 [math.CT]},
}

@unpublished{NetworkModels,
   AUTHOR  = {Baez, John AND Foley, John AND Moeller, Joseph AND Pollard, Blake},
   TITLE   = {Network Models},
   YEAR    = {2017},
   JOURNAL = {pre-print},
   NOTE    = {arXiv:1711.00037 [math.CT]},
}

@unpublished{EnrichedFibration,
   AUTHOR  = {Vasilakopoulou, Christina},
   TITLE   = {On Enriched Fibrations},
   YEAR    = {2018},
   JOURNAL = {pre-print},
   NOTE    = {arXiv:1801.01386 [math.CT]},
}

@book {Gurskitricats,
    AUTHOR = {Gurski, Nick},
     TITLE = {Coherence in three-dimensional category theory},
    SERIES = {Cambridge Tracts in Mathematics},
    VOLUME = {201},
 PUBLISHER = {Cambridge University Press},
   ADDRESS = {Cambridge},
      YEAR = {2013},
     PAGES = {viii+278},
      ISBN = {978-1-107-03489-1},
   MRCLASS = {18Dxx},
  MRNUMBER = {3076451},
       DOI = {10.1017/CBO9781139542333},
       URL = {http://dx.doi.org/10.1017/CBO9781139542333},
}

@PHDTHESIS {Gurski,
AUTHOR = {Gurski, Nick},
TITLE = {An algebraic theory of tricategories},
SCHOOL = {University of Chicago},
YEAR = {2007},
}

@PHDTHESIS {ShulmanPhD,
AUTHOR = {Shulman, Michael},
TITLE = {Double Categories and Base Change in Homotopy Theory},
SCHOOL = {University of Chicago},
YEAR = {2009},
}

@article {SemiabelianHopfAlg,
author={Gran, Marino AND Kadjo, Gabriel AND Vercruysse, Joost},
title={A torsion theory in the category of cocommutative Hopf algebras},
journal={Appl. Categ. Structures},
volume={24},
year={2016},
number={3},
pages={269–282},
}

@article{BohmLack,
title = {Hopf comonads on naturally Frobenius map-monoidales},
journal = {Journal of Pure and Applied Algebra},
volume = {220},
number = {6},
pages = {2177 - 2213},
year = {2016},
issn = {0022-4049},
doi = {http://dx.doi.org/10.1016/j.jpaa.2015.11.002},
url = {//www.sciencedirect.com/science/article/pii/S0022404915003187},
author = {Gabriella Böhm and Stephen Lack},
}

@article {Limitsindoublecats,
    AUTHOR = {Grandis, Marco and Par{\'e}, Robert},
     TITLE = {Limits in double categories},
   JOURNAL = {Cahiers Topologie G\'eom. Diff\'erentielle Cat\'eg.},
  FJOURNAL = {Cahiers de Topologie et G\'eom\'etrie Diff\'erentielle
              Cat\'egoriques},
    VOLUME = {40},
      YEAR = {1999},
    NUMBER = {3},
     PAGES = {162--220},
      ISSN = {0008-0004},
   MRCLASS = {18D05 (18A30)},
  MRNUMBER = {1716779 (2000i:18007)},
MRREVIEWER = {Temple H. Fay},
}

@article {Adjointfordoublecats,
    AUTHOR = {Grandis, Marco and Par{\'e}, Robert},
     TITLE = {Adjoint for double categories. {A}ddenda to: ``{L}imits in
              double categories'' [{C}ah. {T}opol. {G}\'eom. {D}iff\'er.
              {C}at\'eg. {\bf 40} (1999), no. 3, 162--220; MR1716779]},
   JOURNAL = {Cah. Topol. G\'eom. Diff\'er. Cat\'eg.},
  FJOURNAL = {Cahiers de Topologie et G\'eom\'etrie Diff\'erentielle
              Cat\'egoriques},
    VOLUME = {45},
      YEAR = {2004},
    NUMBER = {3},
     PAGES = {193--240},
      ISSN = {1245-530X},
   MRCLASS = {18A40 (18D05)},
  MRNUMBER = {2090335 (2005g:18005)},
}

@article {Thespanconstruction,
    AUTHOR = {Dawson, Robert and Par{\'e}, Robert and Pronk, Dorette},
     TITLE = {The span construction},
   JOURNAL = {Theory Appl. Categ.},
  FJOURNAL = {Theory and Applications of Categories},
    VOLUME = {24},
      YEAR = {2010},
     PAGES = {No. 13, 302--377},
      ISSN = {1201-561X},
   MRCLASS = {18A40 (18C20 18D05)},
  MRNUMBER = {2720187 (2012a:18006)},
}

@article {Doublegroupoidsandcrossedmodules,
    AUTHOR = {Brown, Ronald and Spencer, Christopher B.},
     TITLE = {Double groupoids and crossed modules},
   JOURNAL = {Cahiers Topologie G\'eom. Diff\'erentielle},
  FJOURNAL = {Cahiers de Topologie et G\'eom\'etrie Diff\'erentielle
              Cat\'egoriques},
    VOLUME = {17},
      YEAR = {1976},
    NUMBER = {4},
     PAGES = {343--362},
      ISSN = {0008-0004},
   MRCLASS = {55J99 (18D05)},
  MRNUMBER = {0440553 (55 \#13427)},
}

@article {Ehresmanndouble,
    AUTHOR = {Ehresmann, Charles},
     TITLE = {Cat\'egories structur\'ees},
   JOURNAL = {Ann. Sci. \'Ecole Norm. Sup. (3)},
  FJOURNAL = {Annales Scientifiques de l'\'Ecole Normale Sup\'erieure.
              Troisi\`eme S\'erie},
    VOLUME = {80},
      YEAR = {1963},
     PAGES = {349--426},
      ISSN = {0012-9593},
   MRCLASS = {18.10},
  MRNUMBER = {0197529 (33 \#5694)},
MRREVIEWER = {P. J. Hilton},
}

@article {Monadsindoublecats,
    AUTHOR = {Fiore, Thomas M. and Gambino, Nicola and Kock, Joachim},
     TITLE = {Monads in double categories},
   JOURNAL = {J. Pure Appl. Algebra},
  FJOURNAL = {Journal of Pure and Applied Algebra},
    VOLUME = {215},
      YEAR = {2011},
    NUMBER = {6},
     PAGES = {1174--1197},
      ISSN = {0022-4049},
     CODEN = {JPAAA2},
   MRCLASS = {18D05 (18C15)},
  MRNUMBER = {2769225 (2012a:18016)},
MRREVIEWER = {Julia Bergner},
       DOI = {10.1016/j.jpaa.2010.08.003},
       URL = {http://dx.doi.org/10.1016/j.jpaa.2010.08.003},
}

@article {Doubleadjunctionsandfreemonads,
    AUTHOR = {Fiore, Thomas M. and Gambino, Nicola and Kock, Joachim},
     TITLE = {Double adjunctions and free monads},
   JOURNAL = {Cah. Topol. G\'eom. Diff\'er. Cat\'eg.},
  FJOURNAL = {Cahiers de Topologie et G\'eom\'etrie Diff\'erentielle
              Cat\'egoriques},
    VOLUME = {53},
      YEAR = {2012},
    NUMBER = {4},
     PAGES = {242--306},
      ISSN = {1245-530X},
   MRCLASS = {18D05 (18C15)},
  MRNUMBER = {3052651},
MRREVIEWER = {Josep Elgueta},
}

@article {Bunge,
    AUTHOR = {Bunge, Marta},
     TITLE = {Tightly bounded completions},
   JOURNAL = {Theory Appl. Categ.},
  FJOURNAL = {Theory and Applications of Categories},
    VOLUME = {28},
      YEAR = {2013},
     PAGES = {No. 8, 213--240},
      ISSN = {1201-561X},
   MRCLASS = {18Dxx},
  MRNUMBER = {3047636},
}

@book {GrayFormalCategoryTheory,
    AUTHOR = {Gray, John W.},
     TITLE = {Formal category theory: adjointness for {$2$}-categories},
    SERIES = {Lecture Notes in Mathematics, Vol. 391},
 PUBLISHER = {Springer-Verlag},
   ADDRESS = {Berlin},
      YEAR = {1974},
     PAGES = {xii+282},
   MRCLASS = {18DXX},
  MRNUMBER = {0371990 (51 \#8207)},
MRREVIEWER = {R. H. Street},
}


@article {FibrationsinBicats,
    AUTHOR = {Street, Ross},
     TITLE = {Fibrations in bicategories},
   JOURNAL = {Cahiers Topologie G\'eom. Diff\'erentielle},
  FJOURNAL = {Cahiers de Topologie et G\'eom\'etrie Diff\'erentielle},
    VOLUME = {21},
      YEAR = {1980},
    NUMBER = {2},
     PAGES = {111--160},
      ISSN = {0008-0004},
     CODEN = {CTGDBR},
   MRCLASS = {18D05 (18D30)},
  MRNUMBER = {574662 (81f:18028)},
MRREVIEWER = {Timothy Porter},
}

@article {Ageneralcoherenceresult,
    AUTHOR = {Power, A. J.},
     TITLE = {A general coherence result},
   JOURNAL = {J. Pure Appl. Algebra},
  FJOURNAL = {Journal of Pure and Applied Algebra},
    VOLUME = {57},
      YEAR = {1989},
    NUMBER = {2},
     PAGES = {165--173},
      ISSN = {0022-4049},
     CODEN = {JPAAA2},
   MRCLASS = {18D05 (18A25 18D20)},
  MRNUMBER = {985657 (90k:18007)},
MRREVIEWER = {F. E. J. Linton},
       DOI = {10.1016/0022-4049(89)90113-8},
       URL = {http://dx.doi.org/10.1016/0022-4049(89)90113-8},
}

@incollection {2-catcompanion,
    AUTHOR = {Lack, Stephen},
     TITLE = {A 2-categories companion},
 BOOKTITLE = {Towards higher categories},
    SERIES = {IMA Vol. Math. Appl.},
    VOLUME = {152},
     PAGES = {105--191},
 PUBLISHER = {Springer},
   ADDRESS = {New York},
      YEAR = {2010},
   MRCLASS = {18D05 (18A30 18C15 18G30)},
  MRNUMBER = {2664622 (2011d:18012)},
       DOI = {10.1007/978-1-4419-1524-5_4},
       URL = {http://dx.doi.org/10.1007/978-1-4419-1524-5_4},
}

@article {OnMacLanesconditions,
    AUTHOR = {Kelly, G. M.},
     TITLE = {On {M}ac{L}ane's conditions for coherence of natural
              associativities, commutativities, etc},
   JOURNAL = {J. Algebra},
  FJOURNAL = {Journal of Algebra},
    VOLUME = {1},
      YEAR = {1964},
     PAGES = {397--402},
      ISSN = {0021-8693},
   MRCLASS = {18.10},
  MRNUMBER = {0182649 (32 \#132)},
MRREVIEWER = {M. Auslander},
}

@incollection {Closedcategories,
    AUTHOR = {Eilenberg, Samuel and Kelly, G. Max},
     TITLE = {Closed categories},
 BOOKTITLE = {Proc. {C}onf. {C}ategorical {A}lgebra ({L}a {J}olla, {C}alif.,
              1965)},
     PAGES = {421--562},
 PUBLISHER = {Springer},
   ADDRESS = {New York},
      YEAR = {1966},
   MRCLASS = {18.10},
  MRNUMBER = {0225841 (37 \#1432)},
MRREVIEWER = {F. E. J. Linton},
}

@article {TuraevZunino,
    AUTHOR = {Caenepeel, S. and De Lombaerde, M.},
     TITLE = {A categorical approach to {T}uraev's {H}opf group-coalgebras},
   JOURNAL = {Comm. Algebra},
  FJOURNAL = {Communications in Algebra},
    VOLUME = {34},
      YEAR = {2006},
    NUMBER = {7},
     PAGES = {2631--2657},
      ISSN = {0092-7872},
   MRCLASS = {16W30},
  MRNUMBER = {2240397},
MRREVIEWER = {Mitsuhiro Takeuchi},
       URL = {https://doi.org/10.1080/00927870600651430},
}

@incollection {Grayfibredandcofibred,
    AUTHOR = {Gray, John W.},
     TITLE = {Fibred and cofibred categories},
 BOOKTITLE = {Proc. Conf. Categorical Algebra (La Jolla, Calif.,
              1965)},
     PAGES = {21--83},
 PUBLISHER = {Springer},
   ADDRESS = {New York},
      YEAR = {1966},
   MRCLASS = {18.10 (14.00)},
  MRNUMBER = {0213413 (35 \#4277)},
MRREVIEWER = {A. Heller},
}

@misc {Grothendieckcategoriesfibrees,
    AUTHOR = {Grothendieck, Alexander},
     TITLE = {Cat{\'e}gories fibr{\'e}es et descente},
      NOTE = {Seminaire de g{\'e}ometrie alg{\'e}brique de l'Institut des
              Hautes {\'E}tudes Scientifiques (SGA 1), Paris},
      YEAR = {1961},
}

@article {Ainfinitycategories,
    AUTHOR = {Lyubashenko, Volodymyr},
     TITLE = {Category of {$A_\infty$}-categories},
   JOURNAL = {Homology Homotopy Appl.},
  FJOURNAL = {Homology, Homotopy and Applications},
    VOLUME = {5},
      YEAR = {2003},
    NUMBER = {1},
     PAGES = {1--48},
      ISSN = {1512-0139},
   MRCLASS = {18D05 (18D20 18G55 57T30)},
  MRNUMBER = {1989611 (2004e:18008)},
MRREVIEWER = {Beno\^ {\i}t Fresse},
       URL = {http://projecteuclid.org/getRecord?id=euclid.hha/1088453319},
}

@incollection {Ainfinityalgebras,
    AUTHOR = {Keller, Bernhard},
     TITLE = {{$A$}-infinity algebras, modules and functor categories},
 BOOKTITLE = {Trends in representation theory of algebras and related
              topics},
    SERIES = {Contemp. Math.},
    VOLUME = {406},
     PAGES = {67--93},
 PUBLISHER = {Amer. Math. Soc.},
   ADDRESS = {Providence, RI},
      YEAR = {2006},
   MRCLASS = {18D15 (16D90 18E30 18G10 18G40 55U35)},
  MRNUMBER = {2258042 (2007g:18002)},
MRREVIEWER = {Volodymyr V. Lyubashenko},
       DOI = {10.1090/conm/406/07654},
       URL = {http://dx.doi.org/10.1090/conm/406/07654},
}

@article {Equalizerscocompletecocategories,
    AUTHOR = {Keller, Bernhard and Manzyuk, Oleksandr},
     TITLE = {Equalizers in the category of cocomplete cocategories},
   JOURNAL = {J. Homotopy Relat. Struct.},
  FJOURNAL = {Journal of Homotopy and Related Structures},
    VOLUME = {2},
      YEAR = {2007},
    NUMBER = {1},
     PAGES = {85--97},
   MRCLASS = {18A30 (18A35)},
  MRNUMBER = {2326934 (2009c:18002)},
MRREVIEWER = {Steve Awodey},
}

@incollection {MeasuringCoalgebras,
    AUTHOR = {Batchelor, Marjorie},
     TITLE = {Measuring coalgebras, quantum group-like objects and
              noncommutative geometry},
 BOOKTITLE = {Differential geometric methods in theoretical physics
              ({R}apallo, 1990)},
    SERIES = {Lecture Notes in Phys.},
    VOLUME = {375},
     PAGES = {47--60},
 PUBLISHER = {Springer},
   ADDRESS = {Berlin},
      YEAR = {1991},
   MRCLASS = {16W30 (17B37 58B30)},
  MRNUMBER = {1134143 (93c:16036)},
MRREVIEWER = {Sergei Spirin},
       DOI = {10.1007/3-540-53763-5_45},
       URL = {http://dx.doi.org/10.1007/3-540-53763-5_45},
}

@article {Differenceoperators,
    AUTHOR = {Batchelor, Marjorie},
     TITLE = {Difference operators, measuring coalgebras, and quantum
              group-like objects},
   JOURNAL = {Adv. Math.},
  FJOURNAL = {Advances in Mathematics},
    VOLUME = {105},
      YEAR = {1994},
    NUMBER = {2},
     PAGES = {190--218},
      ISSN = {0001-8708},
     CODEN = {ADMTA4},
   MRCLASS = {39A70 (16W30 17B37)},
  MRNUMBER = {1275664 (96h:39005)},
MRREVIEWER = {P. D. F. Ion},
       DOI = {10.1006/aima.1994.1044},
       URL = {http://dx.doi.org/10.1006/aima.1994.1044},
}

@incollection {Categoricalstructures,
    AUTHOR = {Street, Ross},
     TITLE = {Categorical structures},
 BOOKTITLE = {Handbook of algebra, {V}ol.\ 1},
    SERIES = {Handb. Algebr.},
    VOLUME = {1},
     PAGES = {529--577},
 PUBLISHER = {Elsevier/North-Holland, Amsterdam},
      YEAR = {1996},
   MRCLASS = {18D05 (18-02)},
  MRNUMBER = {1421811 (97j:18007)},
MRREVIEWER = {Richard John Steiner},
       DOI = {10.1016/S1570-7954(96)80019-2},
       URL = {http://dx.doi.org/10.1016/S1570-7954(96)80019-2},
}

@article {Pastingtheorem,
    AUTHOR = {Power, A. J.},
     TITLE = {A {$2$}-categorical pasting theorem},
   JOURNAL = {J. Algebra},
  FJOURNAL = {Journal of Algebra},
    VOLUME = {129},
      YEAR = {1990},
    NUMBER = {2},
     PAGES = {439--445},
      ISSN = {0021-8693},
     CODEN = {JALGA4},
   MRCLASS = {18D05},
  MRNUMBER = {1040947 (91d:18009)},
MRREVIEWER = {R. H. Street},
       DOI = {10.1016/0021-8693(90)90229-H},
       URL = {http://dx.doi.org/10.1016/0021-8693(90)90229-H},
}

@article {Icons,
    AUTHOR = {Lack, Stephen},
     TITLE = {Icons},
   JOURNAL = {Appl. Categ. Structures},
  FJOURNAL = {Applied Categorical Structures. A Journal Devoted to
              Applications of Categorical Methods in Algebra, Analysis,
              Order, Topology and Computer Science},
    VOLUME = {18},
      YEAR = {2010},
    NUMBER = {3},
     PAGES = {289--307},
      ISSN = {0927-2852},
     CODEN = {ACASE6},
   MRCLASS = {18D05 (18A23)},
  MRNUMBER = {2640216 (2011j:18007)},
MRREVIEWER = {Enrico Vitale},
       DOI = {10.1007/s10485-008-9136-5},
       URL = {http://dx.doi.org/10.1007/s10485-008-9136-5},
}

@article {2nervesbicats,
    AUTHOR = {Lack, Stephen and Paoli, Simona},
     TITLE = {2-nerves for bicategories},
   JOURNAL = {$K$-Theory},
  FJOURNAL = {$K$-Theory. An Interdisciplinary Journal for the Development,
              Application, and Influence of $K$-Theory in the Mathematical
              Sciences},
    VOLUME = {38},
      YEAR = {2008},
    NUMBER = {2},
     PAGES = {153--175},
      ISSN = {0920-3036},
     CODEN = {KTHEEO},
   MRCLASS = {18D05},
  MRNUMBER = {2366560 (2009b:18009)},
MRREVIEWER = {J\v{\i}r{\'{\i}} Rosick{\'y}},
       DOI = {10.1007/s10977-007-9013-2},
       URL = {http://dx.doi.org/10.1007/s10977-007-9013-2},
}

@misc{Ignacionotes,
    AUTHOR = {Lopez Franco, Ignacio},
    TITLE  = {2-Dimensional Category Theory},
    YEAR   = {2012},
    NOTE   = {Part III graduate course lecture notes, University of Cambridge},
}

@article {Marmolejopseudomonads,
    AUTHOR = {Marmolejo, F.},
     TITLE = {Doctrines whose structure forms a fully faithful adjoint
              string},
   JOURNAL = {Theory Appl. Categ.},
  FJOURNAL = {Theory and Applications of Categories},
    VOLUME = {3},
      YEAR = {1997},
     PAGES = {No.\ 2, 24--44},
      ISSN = {1201-561X},
   MRCLASS = {18A35 (18C15 18D05)},
  MRNUMBER = {1432190 (98a:18002)},
MRREVIEWER = {R. H. Street},
}

@book {Mayoperad,
    AUTHOR = {May, J. P.},
     TITLE = {The geometry of iterated loop spaces},
      NOTE = {Lectures Notes in Mathematics, Vol. 271},
 PUBLISHER = {Springer-Verlag},
   ADDRESS = {Berlin},
      YEAR = {1972},
     PAGES = {viii+175},
   MRCLASS = {55D35},
  MRNUMBER = {0420610 (54 \#8623b)},
MRREVIEWER = {J. Stasheff},
}

@article {BarrCoalgebras,
    AUTHOR = {Barr, Michael},
     TITLE = {Coalgebras over a commutative ring},
   JOURNAL = {J. Algebra},
  FJOURNAL = {Journal of Algebra},
    VOLUME = {32},
      YEAR = {1974},
    NUMBER = {3},
     PAGES = {600--610},
      ISSN = {0021-8693},
   MRCLASS = {18G99 (16A24)},
  MRNUMBER = {0401881 (53 \#5707)},
MRREVIEWER = {Gavin Wraith},
}

@article {Foxcofreecoalgebras,
    AUTHOR = {Fox, Thomas F.},
     TITLE = {The construction of cofree coalgebras},
   JOURNAL = {J. Pure Appl. Algebra},
  FJOURNAL = {Journal of Pure and Applied Algebra},
    VOLUME = {84},
      YEAR = {1993},
    NUMBER = {2},
     PAGES = {191--198},
      ISSN = {0022-4049},
     CODEN = {JPAAA2},
   MRCLASS = {16W30},
  MRNUMBER = {1201051 (94e:16044)},
MRREVIEWER = {Evgenii E. Demidov},
       DOI = {10.1016/0022-4049(93)90038-U},
       URL = {http://dx.doi.org/10.1016/0022-4049(93)90038-U},
}

@article {BlockLerouxcofreecoalgebras,
    AUTHOR = {Block, Richard E. and Leroux, Pierre},
     TITLE = {Generalized dual coalgebras of algebras, with applications to
              cofree coalgebras},
   JOURNAL = {J. Pure Appl. Algebra},
  FJOURNAL = {Journal of Pure and Applied Algebra},
    VOLUME = {36},
      YEAR = {1985},
    NUMBER = {1},
     PAGES = {15--21},
      ISSN = {0022-4049},
     CODEN = {JPAAA2},
   MRCLASS = {16A24},
  MRNUMBER = {782637 (87b:16012)},
MRREVIEWER = {E. J. Taft},
       DOI = {10.1016/0022-4049(85)90060-X},
       URL = {http://dx.doi.org/10.1016/0022-4049(85)90060-X},
}

@article {Hazewinkelcofreecoalgebras,
    AUTHOR = {Hazewinkel, Michiel},
     TITLE = {Cofree coalgebras and multivariable recursiveness},
   JOURNAL = {J. Pure Appl. Algebra},
  FJOURNAL = {Journal of Pure and Applied Algebra},
    VOLUME = {183},
      YEAR = {2003},
    NUMBER = {1-3},
     PAGES = {61--103},
      ISSN = {0022-4049},
     CODEN = {JPAAA2},
   MRCLASS = {16W30},
  MRNUMBER = {1992043 (2004e:16039)},
MRREVIEWER = {E. J. Taft},
       DOI = {10.1016/S0022-4049(03)00013-6},
       URL = {http://dx.doi.org/10.1016/S0022-4049(03)00013-6},
}

@article {BaezNeuchl,
    AUTHOR = {Baez, John C. and Neuchl, Martin},
     TITLE = {Higher-dimensional algebra. {I}. {B}raided monoidal
              {$2$}-categories},
   JOURNAL = {Adv. Math.},
  FJOURNAL = {Advances in Mathematics},
    VOLUME = {121},
      YEAR = {1996},
    NUMBER = {2},
     PAGES = {196--244},
      ISSN = {0001-8708},
     CODEN = {ADMTA4},
   MRCLASS = {18D05 (18D20 58D29 81T99)},
  MRNUMBER = {1402727 (97h:18009)},
MRREVIEWER = {Pilar C. Carrasco},
       DOI = {10.1006/aima.1996.0052},
       URL = {http://dx.doi.org/10.1006/aima.1996.0052},
}

@book {GabrielUlmer,
    AUTHOR = {Gabriel, P. and Ulmer, F.},
     TITLE = {Lokal Pr{\"a}sentierbare Kategorien},
    SERIES = {Lecture Notes in Mathematics},
    VOLUME = {221},
 PUBLISHER = {Springer-Verlag},
      YEAR = {1971},
}

@article{Multivariableadjunctions,
   AUTHOR  = {Cheng, Eugenia AND Gurski, Nick AND Riehl, Emily},
   TITLE   = {Cyclic multicategories, multivariable adjunctions and mates},
   journal = {J. K-Theory},
   YEAR    = {2014},
volume = {13},
pages = {337-396},
DOI = {10.1017/is013012007jkt250},
}

@unpublished{GambinoJoyal,
   AUTHOR  = {Gambino, Nicola AND Joyal, Andr{\'e} },
   TITLE   = {On operads, bimodules and analytic functors},
   NOTE    = {arXiv:1405.7270 [math.CT]},
   YEAR    = {2014},
   KEY     = {pre-print},
}

@article{WeberGenericMorphisms,
 AUTHOR  = {Weber, Mark},
 TITLE   = {Generic morphisms, parametric representations and weakly cartesian monads},
 JOURNAL = {Theory Appl. Categ.},
 FJOURNAL= {Theory and Applications of Categories},
 VOLUME  = {13},
 PAGES   = {191-234},
 YEAR    =  {2004},
}

@book {MakkaiPare,
    AUTHOR = {Makkai, Michael and Par{\'e}, Robert},
     TITLE = {Accessible categories: the foundations of categorical model
              theory},
    SERIES = {Contemporary Mathematics},
    VOLUME = {104},
 PUBLISHER = {American Mathematical Society, Providence, RI},
      YEAR = {1989},
     PAGES = {viii+176},
      ISBN = {0-8218-5111-X},
   MRCLASS = {03G30 (03C75 03C95 18B25 18C10 18D05 18F10)},
  MRNUMBER = {1031717 (91a:03118)},
MRREVIEWER = {Horst Reichel},
       DOI = {10.1090/conm/104},
       URL = {http://dx.doi.org/10.1090/conm/104},
}


@article{Liftable,
 AUTHOR  = {Goyvaerts, I. AND Vercruysse, J.},
 TITLE   = {On the duality of generalized Lie and Hopf algebras},
 JOURNAL = {Adv. Math.},
 VOLUME  = {258},
 PAGES   = {154-190},
 YEAR    =  {2014},
}


@article{Hopfcats,
 AUTHOR  = {Batista, E. AND Caenepeel, S. AND Vercruysse, J.},
 TITLE   = {Hopf Categories},
 JOURNAL = {Algebr. Represent. Theory},
 VOLUME  = {19(5)},
 PAGES   = {1173–1216},
 YEAR    =  {2016},
}

@book{Sheaves,
    author = {MacLane, Saunders and Moerdijk, Ieke},
    isbn = {0387977104},
    publisher = {Springer},
    title = {Sheaves in Geometry and Logic: A First Introduction to Topos Theory},
    year = {1992},
}

@article {Measuringcomonoid,
   AUTHOR  = {Hyland, Martin AND Lopez Franco, Ignacio AND Vasilakopoulou, Christina},
   TITLE   = {{H}opf measuring comonoids and enrichment},
   JOURNAL = {Proc. London Math. Soc.},
   NUMBER = {3},
 volume= {115},
   PAGES = {1118–1148},
   YEAR    = {2017},
   doi= {10.1112/plms.12064},
}

@unpublished{Measuringcomodule,
author={Hyland, Martin AND Lopez Franco, Ignacio AND Vasilakopoulou, Christina}, 
title={Measuring comodules and enrichment},
note={arXiv:1703.10137 [math.CT]},
year={2017},
}

@unpublished{VCocats,
author={Vasilakopoulou, Christina}, 
title={Enriched Duality in Double Categories: V-categories and V-cocategories},
note={arXiv:1704.00329 [math.CT]},
year={2017},
}

@unpublished{Gabipolyads,
author={Gabriella Böhm}, 
title={Hopf polyads, Hopf categories and Hopf group monoids viewed as Hopf monads},
note={arXiv:1611.05157 [math.CT]},
year={2016},
}

@article{SpanRel,
title = {Bicategories of spans and relations},
journal = {Journal of Pure and Applied Algebra},
volume = {33},
number = {3},
pages = {259 - 267},
year = {1984},
issn = {0022-4049},
doi = {http://dx.doi.org/10.1016/0022-4049(84)90061-6},
url = {http://www.sciencedirect.com/science/article/pii/0022404984900616},
author = {Aurelio Carboni and Stefano Kasangian and Ross Street},
}

@unpublished{Ourpaper,
author={Buckley, Mitchell AND Fieremans, Timmy AND Vasilakopoulou, Christina AND Vercruysse, Joost}, 
title={Hopf categories and Frobenius categories},
note={in preparation},
year={2017},
}

@phdthesis{PhDChristina,
author = {Vasilakopoulou, Christina},
school = {University of Cambridge},
title = {Generalization of Algebraic Operations via Enrichment},
year = {2014},
note = {arxiv:1411.3038 [math.CT]}},
}

@unpublished{AbstractMachines,
   AUTHOR  = {Spivak, David I. AND Vasilakopoulou, Christina AND Schultz, Patric},
   TITLE   = {Dynamical Systems and Sheaves},
   NOTE    = {\href{http://arxiv.org/abs/1609.08086}{arXiv:1609.08086 [math.CT]}},
   YEAR    = {2016},
   KEY     = {submitted},
}

@article{OperadofWiringDiagrams,
  author    = {David I. Spivak},
  title     = {The operad of wiring diagrams: formalizing a graphical language for
               databases, recursion, and plug-and-play circuits},
  journal   = {CoRR},
  volume    = {abs/1305.0297},
  year      = {2013},
  url       = {http://arxiv.org/abs/1305.0297},
  timestamp = {Sun, 02 Jun 2013 20:48:21 +0200},
  biburl    = {http://dblp.uni-trier.de/rec/bib/journals/corr/abs-1305-0297},
  bibsource = {dblp computer science bibliography, http://dblp.org}
}

@article{Sweedlerdual,
author={Porst, H. E. AND Street, R.},
title={Generalizations of the Sweedler dual},
journal={Appl. Categ. Structures},
volume={24},
year={2016},
pages={619-647},
}

@article{Willems,
  author    = {Jan C. Willems},
  title     = {The Behavioral Approach to Open and Interconnected Systems},
  journal   = {IEEE Control Systems},
  volume    = {27},
  year      = {2007},
  url       = {http://arxiv.org/abs/1305.0297},
  timestamp = {Sun, 02 Jun 2013 20:48:21 +0200}
}

@book{Leinster:2004a,
  Author = {Leinster, Tom},
  Title = {Higher operads, higher categories},
  Series = {London Mathematical Society Lecture Note Series},
  Number = {298},
  Publisher = {Cambridge University Press, Cambridge},
  Year = {2004},
  ISBN = {0-521-53215-9},
  DOI = {10.1017/CBO9780511525896}
}

@book{AlgebraicOperads,
  Author = {Loday, Jean-Louis AND Vallette, Bruno},
  Title = {Algebraic Operads},
  Series = {Grundlehren der mathematischen Wissenschaften}, 
  Publisher = {Springer},
  Year = {2007},
}
%[Fundamental Principles of Mathematical Sciences]

@article{Hopfzoo,
  author    = {Vercruysse, J.},
  title     = {Hopf algebras-Variant notions and reconstruction theorems},
  journal   = {Quantum Physics and Linguistics: A Compositional, Diagrammatic Discourse},
  Publisher = {Oxford University Press},
  year      = {2013},
  pages={115-145},
}

@article{Mapmonoidales,
  author    = {B{\"o}hm, G. AND Lack, S.},
  title     = {Hopf comonads on naturally frobenius map-monoidales},
  journal   = {J. Pure Appl. Algebra 220},
  year      = {2016},
  pages={2177–2213},
}

@article{KellyonMay,
  author    = {Kelly, G. M.},
  title     = {On the operads of J. P. May},
  journal   = {Repr. Theory Appl. Categ.},
  year      = {2005},
  pages={1-13},
} 

@book{Quantumgroups,
  Author = {Kassel, Christian},
  Title = {Quantum groups},
  Series = {Graduate Texts in Mathematics},
  Publisher = {Springer},
  Volume = {155},
  Year = {1995},
}

@unpublished{BarCobartalk,
   AUTHOR  = {Anel, Matthieu and Joyal, Andr{\'e}},
   TITLE   = {The bar-cobar constructions for algebras and operads},
   NOTE    = {slides of AMS talk},
   YEAR    = {2012},
}

@article{Wood:1982a,
  Author = {Wood, R. J.},
  Issn = {0008-0004},
  Number = {3},
  Journaltitle = {Cahiers de Topologie et G\'{e}om\'{e}trie Diff\'{e}rentielle Cat\'{e}goriques},
  Pages = {279-290},
  Title = {Abstract pro arrows I},
  Volume = {23},
  Year = {1982}
}

@article{Verityequip,
  author    = {Verity, Dominique},
  title     = {Enriched categories, internal categories and change of base},
  journal   = {Theory Appl. Categ.},
  year      = {2011},
  pages={1-266},
} 

@article {Hopfmonoidalcomonads,
    AUTHOR = {Chikhladze, D. AND Lack, S. AND Street, R.},
     TITLE = {{H}opf Monoidal Comonads},
   JOURNAL = {Theory and Applications of Categories},
    VOLUME = {24},
      YEAR = {2010},
     PAGES = {No. 19, 554-563},
}
